<?xml version="1.0" encoding="UTF-8"?><collection xmlns="http://www.loc.gov/MARC21/slim"><record><leader>00514nam--2200181-i-4500</leader><controlfield tag="001">000007843</controlfield><controlfield tag="002">20161230</controlfield><controlfield tag="005">20161230201027</controlfield><controlfield tag="008">060222s1000------------r-----000-0-eng-d</controlfield><datafield ind1=" " ind2=" " tag="040"><subfield code="a">IFIN-HH</subfield></datafield><datafield ind1=" " ind2=" " tag="080"><subfield code="a">539.124.143</subfield></datafield><datafield ind1="1" ind2=" " tag="100"><subfield code="a">Assenheim, H.M</subfield></datafield><datafield ind1="1" ind2="0" tag="245"><subfield code="a">Introduction to electron spin resonance</subfield><subfield code="c">H.m. assenheim</subfield></datafield><datafield ind1=" " ind2=" " tag="260"><subfield code="a">London</subfield><subfield code="b">Hilger &amp; Watts Ltd</subfield><subfield code="c">1966</subfield></datafield><datafield ind1=" " ind2=" " tag="300"><subfield code="a">VII + 200 P</subfield></datafield><datafield ind1=" " ind2=" " tag="490"><subfield code="a">Hilger Monographs On Electron Spin Resonance</subfield></datafield><datafield ind1=" " ind2=" " tag="852"><subfield code="a">25047</subfield><subfield code="c">539.143.43</subfield></datafield><datafield ind1=" " ind2=" " tag="CAT"><subfield code="a">Sys</subfield><subfield code="c">20120420</subfield><subfield code="h">131653</subfield></datafield></record></collection>